@PhdThesis{Rooth:1985,
  Title                    = {Association with focus},
  Author                   = {Mats Rooth},
  School                   = {University of {M}assachusetts},
  Year                     = {1985}
}


@article{giannakidou2007landscape,
  title={The landscape of EVEN},
  author={Giannakidou, Anastasia},
  journal={Natural Language \& Linguistic Theory},
  volume={25},
  number={1},
  pages={39--81},
  year={2007},
  publisher={Springer}
}


@article{lahiri1998focus,
  title={Focus and negative polarity in Hindi},
  author={Lahiri, Utpal},
  journal={Natural language semantics},
  volume={6},
  number={1},
  pages={57--123},
  year={1998},
  publisher={Springer}
}


@Article{KarttunenPeters:1979,
  Title                    = {Conventional implicature},
  Author                   = {Karttunen, Lauri and Peters, Stanley},
  Journal                  = {Syntax and Semantics},
  Year                     = {1979},
  Volume                   = {11},

  Date-added               = {2005-07-10 15:32:22 -0400},
  Date-modified            = {2005-07-10 15:33:16 -0400}
}


@MastersThesis{safratova2018thesis, AUTHOR = "ŠAFRATOVÁ, Iveta", TITLE = "Negace, NPI a pravděpodobnost: experimentální studie [online]", YEAR = "2018 [cit. 2018-11-07]", TYPE = "Diplomová práce", SCHOOL = "Masarykova univerzita, Filozofická fakulta, Brno", SUPERVISOR = "Mojmír Dočekal", URL = "Dostupné z WWW <https://is.muni.cz/th/y3kr8/>", }

@article{hoeksema2018positive,
  title={Positive polarity predicates},
  author={Hoeksema, Jack},
  journal={Linguistics},
  volume={56},
  number={2},
  pages={361--400},
  year={2018},
  publisher={De Gruyter}
}


@article{cohen2014superlative,
  title={Superlative quantifiers and meta-speech acts},
  author={Cohen, Ariel and Krifka, Manfred},
  journal={Linguistics and Philosophy},
  volume={37},
  number={1},
  pages={41--90},
  year={2014},
  publisher={Springer}
}


@article{mihoc2017testing,
  title={Testing a PPI analysis of superlative-modified numerals},
  author={Mihoc, Teodora and Davidson, Kathryn},
  journal={Talk at XPrag},
  volume={7},
  pages={21--23},
  year={2017}
}



@book{baayen_2008, place={Cambridge}, title={Analyzing Linguistic Data: A Practical Introduction to Statistics using R}, DOI={10.1017/CBO9780511801686}, publisher={Cambridge University Press}, author={Baayen, R. H.}, year={2008}}

@article{rullmann1997even,
  title={Even, polarity, and scope},
  author={Rullmann, Hotze},
  journal={Papers in experimental and theoretical linguistics},
  volume={4},
  number={40-64},
  year={1997}
}

@article{hoeksema2009swarm,
  title={The swarm alternation revisited},
  author={Hoeksema, Jack},
  journal={Theory and evidence in semantics},
  number={189},
  pages={53},
  year={2009},
  publisher={Center for the Study of Language and Inf}
}

@article{morzycki2012adjectival,
  title={Adjectival extremeness: Degree modification and contextually restricted scales},
  author={Morzycki, Marcin},
  journal={Natural Language \& Linguistic Theory},
  volume={30},
  number={2},
  pages={567--609},
  year={2012},
  publisher={Springer}
}


@article{crnivc2012focus,
  title={Focus particles and embedded exhaustification},
  author={Crni{\v{c}}, Luka},
  journal={Journal of semantics},
  volume={30},
  number={4},
  pages={533--558},
  year={2012},
  publisher={Oxford University Press}
}

@article{szabolcsi2004positive,
  title={Positive polarity--negative polarity},
  author={Szabolcsi, Anna},
  journal={Natural Language \& Linguistic Theory},
  volume={22},
  number={2},
  pages={409--452},
  year={2004},
  publisher={Springer}
}

@article{sailer2009reading,
  title={On reading-dependent licensing of strong negative polarity items},
  author={Sailer, Manfred},
  journal={Proceedings of Sinn und Bedeutung 13},
  pages={455},
  year={2009}
}


@article{israel2004pragmatics,
  title={The pragmatics of polarity},
  author={Israel, Michael},
  journal={The handbook of pragmatics},
  pages={701--723},
  year={2004},
  publisher={Malden}
}


@article{chemla2008epistemic,
  title={An epistemic step for anti-presuppositions},
  author={Chemla, Emmanuel},
  journal={Journal of Semantics},
  volume={25},
  number={2},
  pages={141--173},
  year={2008},
  publisher={Oxford University Press}
}


@article{heim1991artikel,
  title={Artikel und definitheit},
  author={Heim, Irene},
  journal={Semantik: ein internationales Handbuch der Zeitgen{\"o}ssischen forschung},
  pages={487--535},
  year={1991}
}


@article{gast2011scalar,
  title={Scalar additive operators in the languages of Europe},
  author={Gast, Volker and Van der Auwera, Johan},
  journal={Language},
  volume={87},
  number={1},
  pages={2--54},
  year={2011},
  publisher={Linguistic Society of America}
}

@phdthesis{crnic2011getting,
  title={Getting even},
  author={Crnič, Luka},
  year={2011},
  school={MIT}
}


@article{crnivc2014against,
  title={Against a Dogma on NPI licensing},
  author={Crni{\v{c}}, Luka},
  journal={The art and craft of semantics: A festschrift for Irene Heim},
  volume={1},
  pages={117--145},
  year={2014}
}


@article{krifka1995semantics,
  title={The semantics and pragmatics of polarity items},
  author={Krifka, Manfred},
  journal={Linguistic analysis},
  volume={25},
  number={3-4},
  pages={209--257},
  year={1995}
}

@inproceedings{heim1984note,
  title={A note on negative polarity and downward entailingness},
  author={Heim, Irene},
  booktitle={Proceedings of NELS},
  volume={14},
  number={1983},
  pages={98--107},
  year={1984}
}


@inproceedings{fualuauș2016fragment,
  title={Fragment answers and double negation in strict negative concord languages},
  author={F{\u{a}}l{\u{a}}uș, Anamaria and Nicolae, Andreea},
  booktitle={Semantics and Linguistic Theory},
  volume={26},
  pages={584--600},
  year={2016}
}


@article{romoli2013scalar,
  title={A scalar implicature-based approach to neg-raising},
  author={Romoli, Jacopo},
  journal={Linguistics and philosophy},
  volume={36},
  number={4},
  pages={291--353},
  year={2013},
  publisher={Springer}
}


@phdthesis{romoli2012soft,
  title={Soft but strong. Neg-raising, soft triggers, and exhaustification},
  author={Romoli, Jacopo},
  year={2012},
  school={Harvard University}
}


@article{horn1973semantic,
  title={On the semantic properties of logical operators in English.},
  author={Horn, Laurence Robert},
  year={1973}
}


@article{dovcekal2016experimental,
  title={Experimental evidence for neg-raising in Slavic},
  author={Do{\v{c}}ekal, Mojm{\'\i}r and Dotla{\v{c}}il, Jakub},
  journal={Linguistica},
  volume={56},
  number={1},
  pages={93},
  year={2016},
  publisher={University of Ljubljana, Faculty of Arts}
}


@article{progovac1993negative,
  title={Negative polarity: Entailment and binding},
  author={Progovac, Ljiljana},
  journal={Linguistics and Philosophy},
  volume={16},
  number={2},
  pages={149--180},
  year={1993},
  publisher={Springer}
}


@article{zeijlstra2008negative,
  title={Negative concord is syntactic agreement},
  author={Zeijlstra, Hedde},
  journal={Ms., University of Amsterdam},
  volume={5},
  pages={113},
  year={2008}
}


@book{zeijlstra2004sentential,
  title={Sentential negation and negative concord},
  author={Zeijlstra, Hedde},
  year={2004},
  publisher={LOT/ACLC}
}


@book{giannakidou1997landscape,
  title={The landscape of polarity items},
  author={Giannakidou, Anastasia},
  year={1997},
  publisher={Rijksuniversiteit}
}


@inproceedings{ladusaw1992expressing,
  title={Expressing negation},
  author={Ladusaw, William A},
  booktitle={Semantics and linguistic theory},
  volume={2},
  pages={237--260},
  year={1992}
}


@article{giannakidou2017landscape,
  title={The landscape of negative dependencies: negative concord and n-words},
  author={Giannakidou, Anastasia and Zeijlstra, Hedde},
  journal={Linguistics companion, 2nd edition. New York: Blackwell},
  year={2017}
}


@book{chierchia2013logic,
	author = {Chierchia, Gennaro},
	publisher = {OUP Oxford},
	title = {Logic in grammar: Polarity, free choice, and intervention},
	x-fetchedfrom = {Google Scholar},
	year = {2013}
}

@article{gajewski2011licensing,
	author = {Gajewski, Jon R},
	journal = {Natural Language Semantics},
	number = {2},
	pages = {109--148},
	publisher = {Springer},
	title = {Licensing strong NPIs},
	volume = {19},
	x-fetchedfrom = {Google Scholar},
	year = {2011}
}

@article{giannakidou2017landscape,
	author = {Giannakidou, Anastasia and Zeijlstra, Hedde},
	journal = {Linguistics companion, 2nd edition. New York: Blackwell},
	title = {The landscape of negative dependencies: negative concord and n-words},
	x-fetchedfrom = {Google Scholar},
	year = {2017}
}

@book{havranek1960slovnik,
	author = {Havr{\'a}nek, Bohuslav and others},
	publisher = {Nakl. {\v C}eskoslovensk{\'e} akademie v{\v e}d},
	title = {Slovn\'{\i}k spisovn{\'e}ho jazyka {\v c}esk{\'e}ho},
	year = {1960}
}

@article{lahiri1998focus,
	author = {Lahiri, Utpal},
	journal = {Natural language semantics},
	number = {1},
	pages = {57--123},
	publisher = {Springer},
	title = {Focus and negative polarity in Hindi},
	volume = {6},
	year = {1998}
}

@phdthesis{laka1990negation,
	author = {Laka, Itziar},
	school = {Massachusetts Institute of Technology},
	title = {Negation in syntax--on the nature of functional categories and projections},
	year = {1990}
}

@book{zeijlstra2004sentential,
	author = {Zeijlstra, Hedde},
	publisher = {LOT/ACLC},
	title = {Sentential negation and negative concord},
	year = {2004}
}

@incollection{zwarts1998three,
	author = {Zwarts, Frans},
	booktitle = {Plurality and quantification},
	pages = {177--238},
	publisher = {Springer},
	title = {Three types of polarity},
	year = {1998}
}

@incollection{gajic,
	author = {Jovana Gajić},
	booktitle = {N-words and the Wide Scope Illusion},
	pages = {128--138},
	publisher = {Cascadilla Proceedings Project},
	title = {Proceedings of the 33rd West Coast Conference on Formal Linguistics},
	year = {2016}
}


@article{crnivc2014against,
	author = {Crni{\v c}, Luka},
	journal = {The Art and Craft of Semantics: A Festschrift for Irene Heim},
	pages = {117--145},
	title = {Against a Dogma on NPI licensing},
	volume = {1},
	year = {2014}
}

@article{gajewski2007neg,
	author = {Gajewski, Jon Robert},
	journal = {Linguistics and philosophy},
	number = {3},
	pages = {289--328},
	publisher = {Springer},
	title = {Neg-raising and polarity},
	volume = {30},
	year = {2007}
}

@article{shimoyama2011japanese,
  title={Japanese indeterminate negative polarity items and their scope},
  author={Shimoyama, Junko},
  journal={Journal of Semantics},
  volume={28},
  number={4},
  pages={413--450},
  year={2011},
  publisher={Oxford University Press}
}

